<!-- BibEdit-Template-Name: desy_preprint_old -->
<!-- BibEdit-Template-Description: old preprints - input test -->
<record>
  <datafield tag="037" ind1=" " ind2=" ">
    <subfield code="a">VOLATILE:DESY-1950-001</subfield>
  </datafield>
  <datafield tag="100" ind1=" " ind2=" ">
    <subfield code="a">VOLATILE:Familyname, Firstname</subfield>
    <subfield code="u">VOLATILE:Affiliation</subfield>
  </datafield>
  <datafield tag="242" ind1=" " ind2=" ">
    <subfield code="a">VOLATILE:Translated title (Enlish)</subfield>
    <subfield code="y">VOLATILE:eng</subfield>
  </datafield>
  <datafield tag="245" ind1=" " ind2=" ">
    <subfield code="a">VOLATILE:Original title</subfield>
  </datafield>
  <datafield tag="269" ind1=" " ind2=" ">
    <subfield code="c">VOLATILE:YYYY-MM-DD</subfield>
  </datafield>
  <datafield tag="300" ind1=" " ind2=" ">
    <subfield code="a">VOLATILE:11</subfield>
  </datafield>
  <datafield tag="595" ind1=" " ind2=" ">
    <subfield code="a">INSPIRE-INPUT-TEST-OCT-2009</subfield>
  </datafield>
  <datafield tag="694" ind1=" " ind2=" ">
    <subfield code="9">SPIRES DOCTYPE</subfield>
    <subfield code="a">Preprint</subfield>
  </datafield>
  <datafield tag="694" ind1=" " ind2=" ">
    <subfield code="9">SPIRES FC</subfield>
    <subfield code="a">VOLATILE:field code</subfield>
  </datafield>
  <datafield tag="700" ind1=" " ind2=" ">
    <subfield code="a">VOLATILE:Familyname, Firstname</subfield>
    <subfield code="u">VOLATILE:Affiliation</subfield>
  </datafield>
  <datafield tag="980" ind1=" " ind2=" ">
    <subfield code="a">Preprint</subfield>
  </datafield>
</record>
